@article{li2025llmflock,
  author = {Li, P. and Zhou, L.},
  title = {LLM-Flock: Decentralized multi-robot flocking via large language models and influence-based consensus},
  journal = {arXiv preprint arXiv:2505.06513},
  year = {2025},
  url = {https://arxiv.org/abs/2505.06513}
}

@article{pueyo2024clipswarm,
  author = {Pueyo, P. and Montijano, E. and Murillo, A. C. and Schwager, M.},
  title = {CLIPSwarm: Generating drone shows from text prompts with vision-language models},
  journal = {arXiv preprint arXiv:2403.13467},
  year = {2024},
  url = {https://arxiv.org/abs/2403.13467}
}

@article{vyas2024swarmgptprimitive,
  author = {Vyas, V. and Schuck, M. and Dahanaggamaarachchi, D. O. and Zhou, S. and Schoellig, A. P.},
  title = {SwarmGPT-Primitive: A language-driven choreographer for drone swarms using safe motion primitive composition},
  journal = {arXiv preprint arXiv:2412.08428},
  year = {2024},
  url = {https://arxiv.org/abs/2412.08428}
}

@article{jiao2023swarmgpt,
  author = {Jiao, A. and Patel, T. P. and Khurana, S. and Korol, A.-M. and Brunke, L. and Adajania, V. K. and Culha, U. and Zhou, S. and Schoellig, A. P.},
  title = {Swarm-GPT: Combining large language models with safe motion planning for robot choreography design},
  journal = {arXiv preprint arXiv:2312.01059},
  year = {2023},
  url = {https://arxiv.org/abs/2312.01059}
}

@article{lykov2024flockgpt,
  author = {Lykov, A. and Karaf, S. and Martynov, M. and Serpiva, V. and Fedoseev, A. and Konenkov, M. and Tsetserukou, D.},
  title = {FlockGPT: Guiding UAV flocking with linguistic orchestration},
  journal = {arXiv preprint arXiv:2405.05872},
  year = {2024},
  url = {https://arxiv.org/abs/2405.05872}
}

@misc{sphengineering_droneshow,
  author = {{SPH Engineering}},
  title = {Drone Show Software},
  howpublished = {\url{https://droneshowsoftware.com/}},
  note = {Accessed: 2025-10-26}
}

@misc{vergeaero_designstudio,
  author = {{Verge Aero}},
  title = {Design Studio},
  howpublished = {\url{https://verge.aero/}},
  note = {Accessed: 2025-10-26}
}

@misc{vimdrones_designer,
  author = {{Vimdrones}},
  title = {Drone Show Designer},
  howpublished = {\url{https://vimdrones.com/}},
  note = {Accessed: 2025-10-26}
}

@misc{firefly_droneshows,
  author = {{Firefly Drone Shows}},
  title = {Firefly Drone Light Show Services},
  howpublished = {\url{https://fireflydroneshows.com/}},
  note = {Accessed: 2025-10-26}
}
